% ГОСТ Р 7.0.11-2011, Приложение Б, Книги
@BOOK{BioPhys10,
  author = {Свидерская, И.В. and Рогозин, Д.Ю.},
  title = {Биофизика. 10 класс. Модуль 5. Биофизика наземных и водных экосистем: учебно-методическая часть},
  address = {Красноярск},
  publisher = {РИО КрасГУ},
  year = {2006},
  numpages = {32},
  language = {russian}
}

@ARTICLE{Hugenholtz1996,
  author   = {Hugenholtz, Philip and Pace, Norman R.},
  title    = {Identifying microbial diversity in the natural environment: a molecular phylogenetic approach},
  journal  = {Trends Biotechnol},
  year     = {1996},
  number   = {6},
  pages    = {190-197},
  month    = {6},
  volume   = {14},
  language = {english}
}

@ARTICLE{Sharpton2014,
  author   = {Sharpton, Thomas J.},
  title    = {An introduction to the analysis of shotgun metagenomic data},
  journal  = {frontiers in PLANT SCIENCE},
  year     = {2014},
  number   = {6},
  pages    = {14},
  month    = {6},
  volume   = {5},
  language = {english}
}

@ARTICLE{Roh2010,
  author   = {Roh, Seong Woon and Abell, Guy C.J. and Kim, Kyoung-Ho and Nam, Young-Do and Bae, Jin-Woo},
  title    = {Comparing microarrays and next-generation sequencing technologies for microbial ecology research},
  journal  = {Trends in Biotechnology},
  year     = {2010},
  number   = {6},
  pages    = {9},
  month    = {3},
  volume   = {28},
  language = {english}
}

@ARTICLE{Kalisky2014,
  author   = {Kalisky, Tomer and Blainey, Paul and Quake, Stephen R.},
  title    = {Genomic Analysis at the Single-Cell Level},
  journal  = {PubMed Central},
  year     = {2011},
  number   = {45},
  pages    = {22},
  month    = {2},
  volume   = {?},
  language = {english}
}

@ARTICLE{Bottos2008,
  author   = {Bottos, Eric M. and Vincent, Warwick F. and Greer, Charles W. and Whyte, Lyle G. },
  title    = {Prokaryotic diversity of arctic ice shelf microbial mats},
  journal  = {Environmental Microbiology},
  year     = {2008},
  number   = {4},
  pages    = {950-956},
  month    = {10},
  volume   = {?},
  language = {english}
}

@ARTICLE{MLO2015,
  author   = {Llorens-Mares, Tomas and Yooseph, Shibu and Goll, Johannes and Hoffman,  Jeff and Vila-Costa, Maria and Borrego, Carles M and Dupont, Chris L Dupont and Casamayor, Emilio O},
  title    = {Connecting biodiversity and potential functional role in modern euxinic environments by microbial metagenomics},
  journal  = {The ISME Journal},
  year     = {2015},
  number   = {1},
  pages    = {1-14},
  month    = {1},
  volume   = {10},
  language = {english}
}

% ГОСТ Р 7.0.11-2011, Приложение Б, Электронные ресурсы
@BOOK{Encyclopedia,
  title = {Художественная энциклопедия зарубежного классического искусства [Электронный ресурс]},
  address = {М.},
  publisher = {Большая Рос. энкцикл.},
  year = {1996},
  note = {1 электрон. опт. диск (CD-ROM)},
  language = {russian}
}

@ARTICLE{Nasirova,
  author = {Насырова, Г. А.},
  title = {Модели государственного регулирования страховой деятельности [Электронный ресурс]},
  journal = {Вестник Финансовой академии},
  year = {2003},
  number = {4},
  note = {Режим доступа: http://vestnik.fa.ru/4(28)2003/4.html},
  language = {russian}
}

% ГОСТ Р 7.0.11-2011, Приложение Б, Статьи

@ARTICLE{Berestova,
  author = {Берестова, Т. Ф.},
  title = {Поисковые инструмены библиотеки},
  journal = {Библиография},
  year = {2006},
  number = {4},
  pages = {19},
  language = {russian}
}

@ARTICLE{Kriger,
  author = {Кригер, И.},
  title =  {Бумага терпит},
  journal = {Новая газета},
  year = {2009},
  note = {1 июля},
  language = {russian}
}

% Examples from https://verbosus.com/bibtex-style-examples.html
@ARTICLE{Article,
  author   = {Peter Adams},
  title    = {The title of the work},
  journal  = {The name of the journal},
  year     = {1993},
  number   = {2},
  pages    = {201-213},
  month    = {7},
  note     = {An optional note},
  volume   = {4},
  language = {english}
}

@BOOK{Book,
  author    = {Peter Babington}, 
  title     = {The title of the work},
  publisher = {The name of the publisher},
  year      = {1993},
  volume    = {4},
  series    = {10},
  address   = {The address},
  edition   = {3},
  month     = {7},
  note      = {An optional note},
  isbn      = {3257227892},
  language  = {english}
}

@BOOKLET{Booklet,
  title        = {The title of the work},
  author       = {Peter Caxton}, 
  howpublished = {How it was published},
  address      = {The address of the publisher},
  month        = {7},
  year         = {1993},
  note         = {An optional note},
  language     = {english}
}

@CONFERENCE{Conference,
  author       = {Peter Draper}, 
  title        = {The title of the work},
  booktitle    = {The title of the book},
  year         = {1993},
  editor       = {The editor},
  volume       = {4},
  series       = {5},
  pages        = {213},
  address      = {The address of the publisher},
  month        = {7},
  organization = {The organization},
  publisher    = {The publisher},
  note         = {An optional note},
  language     = {english}
}

@INBOOK{Inbook,
  author       = {Peter Eston},
  title        = {The title of the work},
  booktitle    = {Book title},
  chapter      = {8},
  pages        = {201-213},
  publisher    = {The name of the publisher},
  year         = {1993},
  volume       = {4},
  series       = {5},
  address      = {The address of the publisher},
  edition      = {3},
  month        = {7},
  note         = {An optional note},
  language     = {english}
}

@INCOLLECTION{Incollection,
  author       = {Peter Farindon},
  title        = {The title of the work},
  booktitle    = {The title of the book},
  publisher    = {The name of the publisher},
  year         = {1993},
  editor       = {The editor},
  volume       = {4},
  series       = {5},
  chapter      = {8},
  pages        = {201-213},
  address      = {The address of the publisher},
  edition      = {3},
  month        = {7},
  note         = {An optional note},
  language     = {english}
}

@MANUAL{Manual,
  title        = {The title of the work},
  author       = {Peter Gainsford}, 
  organization = {The organization},
  address      = {The address of the publisher},
  edition      = {3},
  month        = {7},
  year         = {1993},
  note         = {An optional note},
  language     = {english}
}

@MASTERSTHESIS{Mastersthesis,
  author       = {Peter Harwood},
  title        = {The title of the work},
  school       = {The school where the thesis was written},
  year         = {1993},
  address      = {The address of the publisher},
  month        = {7},
  note         = {An optional note},
  language     = {english}
}

@MISC{Misc,
  author       = {Peter Isley},
  title        = {The title of the work},
  howpublished = {How it was published},
  month        = {7},
  year         = {1993},
  note         = {An optional note},
  language     = {english}
}

@PHDTHESIS{Phdthesis,
  author       = {Peter Joslin}, 
  title        = {The title of the work},
  school       = {The school where the thesis was written},
  year         = {1993},
  address      = {The address of the publisher},
  month        = {7},
  note         = {An optional note},
  language     = {english}
}

@PROCEEDINGS{Proceedings,
  title        = {The title of the work},
  year         = {1993},
  editor       = {Peter Kidwelly},
  volume       = {4},
  series       = {5},
  address      = {The address of the publisher},
  month        = {7},
  organization = {The organization},
  publisher    = {The name of the publisher},
  note         = {An optional note},
  language     = {english}
}

@TECHREPORT{Techreport,
  author       = {Peter Lambert},
  title        = {The title of the work},
  institution  = {The institution that published},
  year         = {1993},
  number       = {2},
  address      = {The address of the publisher},
  month        = {7},
  note         = {An optional note},
  language     = {english}
}

@UNPUBLISHED{Unpublished,
  author       = {Peter Marcheford}, 
  title        = {The title of the work},
  note         = {An optional note},
  month        = {7},
  year         = {1993},
  language     = {english}
}